<record><leader>00000cas a22000007a 4500</leader><controlfield tag="001">54433876</controlfield><controlfield tag="008">040217c19969999ilubr ne      0   a0ukr c</controlfield><datafield ind1=" " ind2=" " tag="010"><subfield code="a">  2004213007</subfield></datafield><datafield ind1=" " ind2=" " tag="040"><subfield code="a">NSD</subfield><subfield code="b">eng</subfield><subfield code="c">NSD</subfield><subfield code="d">OCLCQ</subfield></datafield><datafield ind1=" " ind2=" " tag="012"><subfield code="l">1</subfield></datafield><datafield ind1="0" ind2=" " tag="022"><subfield code="a">1548-6753</subfield><subfield code="l">1548-6753</subfield><subfield code="2">1</subfield></datafield><datafield ind1=" " ind2=" " tag="037"><subfield code="b">Mediator, Inc., 6215 Formoor Ln., Gurnee IL 60031</subfield></datafield><datafield ind1=" " ind2=" " tag="042"><subfield code="a">nsdp</subfield><subfield code="a">pcc</subfield></datafield><datafield ind1="1" ind2="0" tag="050"><subfield code="a">ISSN RECORD</subfield></datafield><datafield ind1=" " ind2="0" tag="222"><subfield code="a">Chas i podii</subfield></datafield><datafield ind1="0" ind2="0" tag="245"><subfield code="a">Chas i podii.</subfield></datafield><datafield ind1="1" ind2="3" tag="246"><subfield code="a">Time &amp; events</subfield></datafield><datafield ind1=" " ind2=" " tag="260"><subfield code="a">[Gurnee, Il. :</subfield><subfield code="b">Mediator, Inc.,</subfield><subfield code="c">1996]-</subfield></datafield><datafield ind1=" " ind2=" " tag="300"><subfield code="a">v.</subfield></datafield><datafield ind1=" " ind2=" " tag="310"><subfield code="a">Biweekly</subfield></datafield><datafield ind1="1" ind2=" " tag="362"><subfield code="a">Began with no. 1 (May 5, 1996).</subfield></datafield><datafield ind1=" " ind2=" " tag="500"><subfield code="a">"Chas &amp; podee;" "Time &amp; events."</subfield></datafield><datafield ind1=" " ind2=" " tag="500"><subfield code="a">"Ukranian language Chicago-based byweekly newspaper."</subfield></datafield><datafield ind1=" " ind2=" " tag="588"><subfield code="a">Description based on: #191 (23 Oct. - 6 Nov. 2003) (surrogate).</subfield></datafield><datafield ind1=" " ind2=" " tag="752"><subfield code="a">United States</subfield><subfield code="b">Illinois</subfield><subfield code="d">Gurnee.</subfield></datafield><datafield ind1="1" ind2=" " tag="029"><subfield code="a">AU@</subfield><subfield code="b">000025321238</subfield></datafield></record>